@INPROCEEDINGS{task_pdf,
  author = {СКИ},
  title = {Задание по курсу <<Суперкомпьютерные моделирование и технологии>>},
  year = {Октябрь, 2016},
  numpages = {8},
  address = {МГУ ВМК, Москва, Россия},
}
